<record><leader>00000cas a22000007a 4500</leader><controlfield tag="001">33630325</controlfield><controlfield tag="008">951121d19922006waumr ne      0   a0eng c</controlfield><datafield ind1=" " ind2=" " tag="010"><subfield code="a">sn 99048648 </subfield></datafield><datafield ind1=" " ind2=" " tag="040"><subfield code="a">UOK</subfield><subfield code="b">eng</subfield><subfield code="c">UOK</subfield><subfield code="d">WAU</subfield><subfield code="d">NSD</subfield><subfield code="d">OCLCQ</subfield><subfield code="d">WAU</subfield><subfield code="d">OCLCO</subfield><subfield code="d">OCLCQ</subfield><subfield code="d">OCLCF</subfield></datafield><datafield ind1=" " ind2=" " tag="012"><subfield code="i">9908</subfield><subfield code="l">1</subfield></datafield><datafield ind1="1" ind2=" " tag="022"><subfield code="a">1545-8954</subfield><subfield code="l">1545-8954</subfield><subfield code="2">1</subfield></datafield><datafield ind1="1" ind2=" " tag="029"><subfield code="a">AU@</subfield><subfield code="b">000021099326</subfield></datafield><datafield ind1=" " ind2=" " tag="037"><subfield code="b">Diversity News, 1400 112th Ave., SE, ste. 100, Bellevue, WA 98004</subfield></datafield><datafield ind1=" " ind2=" " tag="042"><subfield code="a">pcc</subfield><subfield code="a">nsdp</subfield></datafield><datafield ind1=" " ind2=" " tag="043"><subfield code="a">n-us-wa</subfield></datafield><datafield ind1="1" ind2="0" tag="050"><subfield code="a">ISSN RECORD</subfield></datafield><datafield ind1="1" ind2="4" tag="050"><subfield code="a">HD2344.5.U6</subfield><subfield code="b">D5</subfield></datafield><datafield ind1="0" ind2=" " tag="130"><subfield code="a">Diversity news (Bellevue, Wash.)</subfield></datafield><datafield ind1=" " ind2="0" tag="222"><subfield code="a">Diversity news</subfield><subfield code="b">(Bellevue, Wash.)</subfield></datafield><datafield ind1="1" ind2="0" tag="245"><subfield code="a">Diversity news.</subfield></datafield><datafield ind1=" " ind2=" " tag="260"><subfield code="a">Seattle, WA :</subfield><subfield code="b">Diversity News, Inc.</subfield></datafield><datafield ind1=" " ind2=" " tag="300"><subfield code="a">v. :</subfield><subfield code="b">ill. ;</subfield><subfield code="c">34 cm.</subfield></datafield><datafield ind1=" " ind2=" " tag="310"><subfield code="a">Monthly</subfield></datafield><datafield ind1="1" ind2=" " tag="362"><subfield code="a">Began in May 1992; ceased in print with vol. 14, no. 5 (July/Aug. 2006).</subfield></datafield><datafield ind1=" " ind2=" " tag="500"><subfield code="a">Place of publication varies.</subfield></datafield><datafield ind1=" " ind2=" " tag="530"><subfield code="a">Also issued in an online version.</subfield></datafield><datafield ind1=" " ind2=" " tag="580"><subfield code="a">Continued online.</subfield></datafield><datafield ind1=" " ind2=" " tag="588"><subfield code="a">Description based on: Vol. 7, no. 5 (May 1999).</subfield></datafield><datafield ind1=" " ind2=" " tag="588"><subfield code="a">Latest issue consulted: Vol. 10, no. 8 (Aug. 2002).</subfield></datafield><datafield ind1=" " ind2="0" tag="650"><subfield code="a">Minority business enterprises</subfield><subfield code="z">Washington (State)</subfield><subfield code="z">Seattle Metropolitan Area</subfield><subfield code="v">Periodicals.</subfield></datafield><datafield ind1=" " ind2="0" tag="650"><subfield code="a">Businesswomen</subfield><subfield code="z">Washington (State)</subfield><subfield code="z">Seattle Metropolitan Area</subfield><subfield code="v">Periodicals.</subfield></datafield><datafield ind1=" " ind2="7" tag="655"><subfield code="a">Periodicals.</subfield><subfield code="2">fast</subfield><subfield code="0">(OCoLC)fst01411641</subfield></datafield><datafield ind1=" " ind2="7" tag="650"><subfield code="a">Businesswomen.</subfield><subfield code="2">fast</subfield><subfield code="0">(OCoLC)fst00843013</subfield></datafield><datafield ind1=" " ind2="7" tag="650"><subfield code="a">Minority business enterprises.</subfield><subfield code="2">fast</subfield><subfield code="0">(OCoLC)fst01023309</subfield></datafield><datafield ind1=" " ind2="7" tag="651"><subfield code="a">Washington (State)</subfield><subfield code="z">Seattle Metropolitan Area.</subfield><subfield code="2">fast</subfield><subfield code="0">(OCoLC)fst01351361</subfield></datafield><datafield ind1=" " ind2=" " tag="850"><subfield code="a">WaU</subfield></datafield><datafield ind1="4" ind2="1" tag="856"><subfield code="u">http://www.diversitynews.com/</subfield></datafield></record>